@comment{
  Bibliography for Statoil presentation on June 14, 2016
}

@article{Jones12,
  author={Jones, K.F. and Andreas, E.L.},
  title={
    Sea spray concentrations and the icing of fixed offshore structures
  },
  journal={
    Quarterly Journal of the Royal Meteorological Society
  },
  year={2012},
  volume={138},
  pages={131-144}
}

@article{Lozowski00,
  author={Lozowski, E.P. and Szilder, K. and Makkonen, L.},
  title={Computer simulation of marine ice accretion},
  journal={
    Philosophical Transactions: Mathematical, Physical and Engineering Sciences
  },
  year={2000},
  volume={358},
  pages={2811-2845}
}

@article{Ren14,
  author={Ren, N. and Marshall, A.W.},
  title={
    Characterizing the initial spray from large Weber number impinging jets
  },
  journal={International Journal of Multiphase Flow},
  year={2014},
  volume={58},
  pages={205-213}
}

@article{Villermaux07,
  author={Villermaux, E.},
  title={Fragmentation},
  journal={Annual Review of Fluid Mechanics},
  year={2007},
  volume={39},
  pages={419-446}
}

@inproceedings{Kulyakhtin12,
  author={Kulyakhtin, A. and Shipilova, O. and Libby, B. and L{\o}set, S.},
  title={
    Full-scale 3D CFD simulation of spray impingement on a vessel produced by ship-wave interaction
    },
  booktitle={Proceedings of the 21st IAHR International Symposium on Ice},
  year={2012},
}

@inproceedings{Shipilova12,
  author={Shipilova, O. and Kulyakhtin, A.},
  title={Spray Generation in Marine Icing of Vessels},
  booktitle={
    Proceedings of the 2nd International Conference on Violent Flows
  },
  year={2012}
}

@phdthesis{Kulyakhtin14,
  author={Kulyakhtin, A.},
  title={Numerical Modelling and Experiments on Sea Spray Icing},
  school={Norwegian University of Science and Technology},
  year={2014}
}

@techreport{DNV14,
  author={Libby, B. and Shipilova, O. and Ekeberg, O.-C. and Moslet, P.O.},
  title={MARICE Project Summary},
  institution={Det Norske Veritas},
  year={2014}
}